<record><leader>00000cas a2200000 a 4500</leader><controlfield tag="001">11527050</controlfield><controlfield tag="008">841227d19761991txuwr ne      0    0eng c</controlfield><datafield ind1=" " ind2=" " tag="010"><subfield code="a">sn 96027642 </subfield></datafield><datafield ind1=" " ind2=" " tag="040"><subfield code="a">EMT</subfield><subfield code="b">eng</subfield><subfield code="c">EMT</subfield><subfield code="d">FUG</subfield><subfield code="d">OCL</subfield><subfield code="d">OCLCQ</subfield><subfield code="d">OCLCF</subfield><subfield code="d">OCLCO</subfield></datafield><datafield ind1=" " ind2=" " tag="012"><subfield code="i">9608</subfield></datafield><datafield ind1=" " ind2=" " tag="019"><subfield code="a">11527059</subfield></datafield><datafield ind1="1" ind2=" " tag="029"><subfield code="a">AU@</subfield><subfield code="b">000012850324</subfield></datafield><datafield ind1=" " ind2=" " tag="042"><subfield code="a">pcc</subfield></datafield><datafield ind1=" " ind2=" " tag="043"><subfield code="a">n-us-fl</subfield></datafield><datafield ind1="0" ind2=" " tag="130"><subfield code="a">United Methodist reporter (Dallas, Tex. : Florida United Methodist ed.)</subfield></datafield><datafield ind1="1" ind2="0" tag="245"><subfield code="a">United Methodist reporter.</subfield></datafield><datafield ind1=" " ind2=" " tag="250"><subfield code="a">Florida United Methodist ed.</subfield></datafield><datafield ind1=" " ind2=" " tag="260"><subfield code="a">Dallas, Tex. :</subfield><subfield code="b">United Methodist Conference of Texas,</subfield><subfield code="c">1976-</subfield></datafield><datafield ind1=" " ind2=" " tag="300"><subfield code="a">v. :</subfield><subfield code="b">ill.</subfield></datafield><datafield ind1=" " ind2=" " tag="310"><subfield code="a">Weekly</subfield></datafield><datafield ind1="0" ind2=" " tag="362"><subfield code="a">Vol. 4, no. 12 (Mar. 5, 1976)-</subfield></datafield><datafield ind1="1" ind2=" " tag="362"><subfield code="a">Ceased in 1991.</subfield></datafield><datafield ind1=" " ind2=" " tag="500"><subfield code="a">"Official publication of the United Methodist Church in Florida."</subfield></datafield><datafield ind1=" " ind2=" " tag="500"><subfield code="a">Called: Florida Conference ed., Nov. 20, 1981-1989; Florida United Methodist Conference ed., 1990-&lt;1991&gt;.</subfield></datafield><datafield ind1=" " ind2=" " tag="530"><subfield code="a">Also issued on microfilm from the University of Florida.</subfield></datafield><datafield ind1=" " ind2=" " tag="588"><subfield code="a">Latest issue consulted: Vol. 137, no. 43 (Mar. 22, 1991).</subfield></datafield><datafield ind1="2" ind2="0" tag="610"><subfield code="a">United Methodist Church (U.S.)</subfield><subfield code="z">Florida.</subfield></datafield><datafield ind1=" " ind2="0" tag="651"><subfield code="a">Dallas (Tex.)</subfield><subfield code="v">Newspapers.</subfield></datafield><datafield ind1=" " ind2="0" tag="651"><subfield code="a">Dallas County (Tex.)</subfield><subfield code="v">Newspapers.</subfield></datafield><datafield ind1=" " ind2="7" tag="655"><subfield code="a">Newspapers.</subfield><subfield code="2">fast</subfield><subfield code="0">(OCoLC)fst01423814</subfield></datafield><datafield ind1="2" ind2="7" tag="610"><subfield code="a">United Methodist Church (U.S.)</subfield><subfield code="2">fast</subfield><subfield code="0">(OCoLC)fst00541693</subfield></datafield><datafield ind1=" " ind2="7" tag="651"><subfield code="a">Florida.</subfield><subfield code="2">fast</subfield><subfield code="0">(OCoLC)fst01205150</subfield></datafield><datafield ind1=" " ind2="7" tag="651"><subfield code="a">Texas</subfield><subfield code="z">Dallas.</subfield><subfield code="2">fast</subfield><subfield code="0">(OCoLC)fst01204635</subfield></datafield><datafield ind1=" " ind2="7" tag="651"><subfield code="a">Texas</subfield><subfield code="z">Dallas County.</subfield><subfield code="2">fast</subfield><subfield code="0">(OCoLC)fst01205630</subfield></datafield><datafield ind1=" " ind2=" " tag="752"><subfield code="a">United States</subfield><subfield code="b">Texas</subfield><subfield code="c">Dallas</subfield><subfield code="d">Dallas.</subfield></datafield><datafield ind1="1" ind2=" " tag="776"><subfield code="c">Microfilm</subfield><subfield code="d">George A. Smathers Libraries, University of Florida</subfield><subfield code="w">(DLC)sn 96027643</subfield><subfield code="w">(OCoLC)35296767</subfield></datafield><datafield ind1="0" ind2="0" tag="780"><subfield code="t">Florida United Methodist</subfield><subfield code="w">(DLC)sn 96027641</subfield><subfield code="w">(OCoLC)1383658</subfield></datafield><datafield ind1="0" ind2="0" tag="785"><subfield code="t">United Methodist review (Dallas, Tex. : Florida United Methodist Conference ed.)</subfield><subfield code="w">(DLC)sn 96027644</subfield><subfield code="w">(OCoLC)23471689</subfield></datafield><datafield ind1=" " ind2=" " tag="850"><subfield code="a">FU</subfield></datafield></record>